@book{apostol2004mathematical,
  title={Topology. Second Edition},
  author={James R. Munkres},
  isbn={9780131816299},
  series={},
  url={https://www.amazon.ca/Topology-2nd-James-Munkres/dp/0131816292},
  year={2000},
  publisher={Massachusetts Institute of Technology, Prentice Hall}
}



